<?xml version="1.0" encoding="utf-8"?>
<record xmlns="http://www.loc.gov/MARC21/slim" xmlns:xsi="http://www.w3.org/2001/XMLSchema-instance" xsi:schemaLocation="http://www.loc.gov/MARC21/slim http://www.loc.gov/standards/marcxml/schema/MARC21slim.xsd">
	<leader>     nam a22     Mi 4500</leader>
	<controlfield tag="001">b12431321</controlfield>
	<controlfield tag="003">LeBAU</controlfield>
	<controlfield tag="006">m        d        </controlfield>
	<controlfield tag="007">cr cn |||m|||a</controlfield>
	<controlfield tag="008">190920s1931    sy      ob    ||0 0 ara d</controlfield>
	<datafield ind1=" " ind2=" " tag="040">
		<subfield code="a">ZYU</subfield>
		<subfield code="b">ara</subfield>
		<subfield code="e">rda</subfield>
		<subfield code="c">ZYU</subfield>
	</datafield>
	<datafield ind1="0" ind2="4" tag="082">
		<subfield code="a">340.03</subfield>
		<subfield code="2">20</subfield>
	</datafield>
	<datafield ind1="1" ind2=" " tag="100">
		<subfield code="6">880-01</subfield>
		<subfield code="a">Ayyūbī, ʻAbd al-Bāqī,</subfield>
		<subfield code="e">author.</subfield>
	</datafield>
	<datafield ind1="1" ind2="0" tag="245">
		<subfield code="6">880-02</subfield>
		<subfield code="a">Qāmūs al-ḥuqūq :</subfield>
		<subfield code="b">40 mujalladan yaḥtawī ʻalá al-aḥkām al-sharʻīyah wa-al-qawānīn wa-al-anẓimah wa-muqarrarāt al-mufawwaḍīn al-sāmīn wa-maḥākim al-tamyīz wa-ghayr dhālik min al-mubāḥathāt al-qānūnīyah wa-al-ʻilmīyah wa-al-awāmir wa-al-balāghāt al-maʻmūl bi-hā fī jamīʻ al-ḥukūmāt al-ʻArabīyah /</subfield>
		<subfield code="c">taʼlīf ʻAbd al-Bāqī bik al-Ayyūbī wa-waladihi al-ustādh Jalāl Bik Bāqī al-muḥāmī.</subfield>
	</datafield>
	<datafield ind1=" " ind2="1" tag="264">
		<subfield code="6">880-03</subfield>
		<subfield code="a">Dimashq :</subfield>
		<subfield code="b">Maṭbaʻat Bābīl Ikhwān,</subfield>
		<subfield code="c">1931.</subfield>
	</datafield>
	<datafield ind1=" " ind2=" " tag="300">
		<subfield code="6">880-04</subfield>
		<subfield code="a">online resource (2 volumes (992 pages))</subfield>
	</datafield>
	<datafield ind1=" " ind2=" " tag="336">
		<subfield code="a">text</subfield>
		<subfield code="2">rdacontent</subfield>
	</datafield>
	<datafield ind1=" " ind2=" " tag="337">
		<subfield code="a">computer</subfield>
		<subfield code="2">rdamedia</subfield>
	</datafield>
	<datafield ind1=" " ind2=" " tag="338">
		<subfield code="a">online resource</subfield>
		<subfield code="2">rdacarrier</subfield>
	</datafield>
	<datafield ind1=" " ind2=" " tag="500">
		<subfield code="a">Part of the Arabic Collections Online (ACO) project, contributed by American University of Beirut's Jafet Memorial Library.</subfield>
	</datafield>
	<datafield ind1=" " ind2=" " tag="533">
		<subfield code="a">Electronic reproduction.</subfield>
		<subfield code="b">New York, N.Y. :</subfield>
		<subfield code="c">New York University,</subfield>
		<subfield code="d">2019.</subfield>
		<subfield code="5">NNU</subfield>
	</datafield>
	<datafield ind1=" " ind2="0" tag="650">
		<subfield code="6">880-05</subfield>
		<subfield code="a">Jurisprudence</subfield>
		<subfield code="z">Arab countries</subfield>
		<subfield code="v">Handbooks, manuals, etc.</subfield>
	</datafield>
	<datafield ind1=" " ind2="0" tag="650">
		<subfield code="6">880-06</subfield>
		<subfield code="a">Law</subfield>
		<subfield code="z">Arab countries</subfield>
		<subfield code="v">Handbooks, manuals, etc.</subfield>
	</datafield>
	<datafield ind1="1" ind2=" " tag="700">
		<subfield code="6">880-07</subfield>
		<subfield code="a">Bāqī, Jalāl,</subfield>
		<subfield code="e">author.</subfield>
	</datafield>
	<datafield ind1="2" ind2=" " tag="710">
		<subfield code="a">Jafet Memorial Library.</subfield>
	</datafield>
	<datafield ind1="0" ind2=" " tag="730">
		<subfield code="a">Arabic Collections Online.</subfield>
	</datafield>
	<datafield ind1="0" ind2="8" tag="776">
		<subfield code="i">Print version:</subfield>
		<subfield code="a">Ayyūbī, ʻAbd al-Bāqī, author.</subfield>
		<subfield code="t">Qāmūs al-ḥuqūq</subfield>
		<subfield code="w">(LeBAU)b12431321</subfield>
	</datafield>
	<datafield ind1="4" ind2="0" tag="856">
		<subfield code="u">http://hdl.handle.net/2333.1/zkh18jvj</subfield>
	</datafield>
	<datafield ind1="1" ind2=" " tag="880">
		<subfield code="6">100-01</subfield>
		<subfield code="a">الأيوبي، عبد الباقي،</subfield>
		<subfield code="e">مؤلف.</subfield>
		<subfield code="4">aut.</subfield>
	</datafield>
	<datafield ind1="1" ind2="0" tag="880">
		<subfield code="6">245-02</subfield>
		<subfield code="a">قاموس الحقوق :</subfield>
		<subfield code="b">40 مجلداً يحتوي على جميع الأحكام الشرعية والقوانين والأنظمة ومقررات المفوضين السامين ومحاكم التمييز وغير ذلك من المباحثات القانونية والعلمية والأوامر والبلاغات المعمول بها في جميع الحكومات العربية /</subfield>
		<subfield code="c">تأليف عبد الباقي بك الايوبي وولده الأستاذ جلال بك باقي المحامي.</subfield>
	</datafield>
	<datafield ind1=" " ind2="1" tag="880">
		<subfield code="6">264-03</subfield>
		<subfield code="a">دمشق :</subfield>
		<subfield code="b">مطبعة بابيل إخوان،</subfield>
		<subfield code="c">1931.</subfield>
	</datafield>
	<datafield ind1=" " ind2=" " tag="880">
		<subfield code="6">300-04</subfield>
		<subfield code="a">2 مجلد (992 صفحة) ؛</subfield>
		<subfield code="c">23 سم</subfield>
	</datafield>
	<datafield ind1=" " ind2=" " tag="880">
		<subfield code="6">500-00</subfield>
		<subfield code="a">من المرجح أنه لم يتم إصدار أي جزء آخر من الكتاب.</subfield>
	</datafield>
	<datafield ind1=" " ind2=" " tag="880">
		<subfield code="6">590-00</subfield>
		<subfield code="a">في المكتبة: المجلدان 1-2.</subfield>
	</datafield>
	<datafield ind1=" " ind2="4" tag="880">
		<subfield code="6">650-05</subfield>
		<subfield code="a">الإجتهاد (قانون)</subfield>
		<subfield code="z">البلدان العربية</subfield>
		<subfield code="v">أدلة إرشادية وعملية، إلخ.</subfield>
	</datafield>
	<datafield ind1=" " ind2="4" tag="880">
		<subfield code="6">650-06</subfield>
		<subfield code="a">القانون</subfield>
		<subfield code="z">البلدان العربية</subfield>
		<subfield code="v">أدلة إرشادية وعملية، إلخ.</subfield>
	</datafield>
	<datafield ind1="1" ind2=" " tag="880">
		<subfield code="6">700-07</subfield>
		<subfield code="a">باقي، جلال،</subfield>
		<subfield code="e">مؤلف.</subfield>
		<subfield code="4">aut.</subfield>
	</datafield>
	<datafield ind1=" " ind2=" " tag="959">
		<subfield code="a">NNU</subfield>
		<subfield code="b">WEB</subfield>
		<subfield code="c">GENI</subfield>
		<subfield code="t">0</subfield>
		<subfield code="m">Electronic access</subfield>
		<subfield code="s">01</subfield>
	</datafield>
	<datafield ind1=" " ind2=" " tag="999">
		<subfield code="i">LeBAU_b12431321</subfield>
		<subfield code="s">aub_aco003517:v.1</subfield>
		<subfield code="s">aub_aco003518:v.2</subfield>
		<subfield code="e">(ERROR-MISC)</subfield>
		<subfield code="s">aub_aco003517:v.1</subfield>
		<subfield code="s">aub_aco003518:v.2</subfield>
	</datafield>
</record>
